@online{stackexchange,
    title={How to analyze and pick a good crypto related lib},
    url={https://security.stackexchange.com/questions/168013/how-to-analyze-and-pick-a-good-crypto-related-lib},
    urldate={2024-05-02},
    publisher={Diskuze na platformě Information Security Stack Exchange},
    year={2017},
}

@online{nukib,
    title={Bezpečné použití knihoven typu OpenSource},
    year={2023},
    url={https://nen.nipez.cz/profily-zadavatelu-platne/detail-profilu/nukib/zahajene-zakazky/p:pzvz:query=opensource/detail-zakazky/N006-23-V00021253},
    publisher={Veřejná zakázka v registru Ministerstva pro místní rozvoj ČR},
    urldate={2024-05-02},
}

@misc{matej,
    author={Douša, Matěj},
    title={Kritéria pro hodnocení bezpečnosti kryptografických knihoven},
    publisher={Bakalářská práce. České vysoké učení technické v Praze, Fakulta informačních technologií},
    year={2024}
}

@misc{kirill,
    author={Leonov, Kirill},
    title={Kritéria pro hodnocení bezpečnosti kryptografických knihoven},
    publisher={Bakalářská práce. České vysoké učení technické v Praze, Fakulta informačních technologií},
    year={2024}
}

@article{iv0security,
    title={IV = 0 security: Cryptographic misuse of libraries},
    author={Das, Somak and Gopal, Vineet and King, Kevin and Venkatraman, Amruth},
    journal={Massachusetts Institute of Technology},
    year={2014}
}

@ARTICLE{greensmith,
    author={Green, Matthew and Smith, Matthew},
    journal={IEEE Security \& Privacy}, 
    title={Developers are Not the Enemy!: The Need for Usable Security APIs}, 
    year={2016},
    volume={14},
    number={5},
    pages={40-46},
    doi={10.1109/MSP.2016.111}
}

@INPROCEEDINGS{comparing2017,
    author={Acar, Yasemin and Backes, Michael and Fahl, Sascha and Garfinkel, Simson and Kim, Doowon and Mazurek, Michelle L. and Stransky, Christian},
    booktitle={2017 IEEE Symposium on Security and Privacy (SP)}, 
    title={Comparing the Usability of Cryptographic APIs}, 
    year={2017},
    volume={},
    number={},
    pages={154-171},
    doi={10.1109/SP.2017.52}
}

@INPROCEEDINGS{rustcryptoapis,
    author={Mindermann, Kai and Keck, Philipp and Wagner, Stefan},
    booktitle={2018 IEEE International Conference on Software Quality, Reliability and Security (QRS)}, 
    title={How Usable Are Rust Cryptography APIs?}, 
    year={2018},
    volume={},
    number={},
    pages={143-154},
    doi={10.1109/QRS.2018.00028}
}

@online{openssldoc,
    author={{OpenSSL Project Authors}},
    title={EVP\_EncryptInit},    
    url={https://www.openssl.org/docs/manmaster/man3/EVP_EncryptInit.html},
    urldate={2024-05-02}
}

@online{pycadoc,
    title={Authenticated encryption — Cryptography 43.0.0.dev1 documentation},
    url={https://cryptography.io/en/latest/hazmat/primitives/aead/},
    urldate={2024-05-02}
}

@online{pcddoc,
    title={Authenticated encryption — Cryptography 43.0.0.dev1 documentation},
    url={https://www.pycryptodome.org/src/cipher/arc4},
    urldate={2024-05-02}
}

@INPROCEEDINGS{worrisome,
    author={Hazhirpasand, Mohammadreza and Ghafari, Mohammad},
    booktitle={2021 36th IEEE/ACM International Conference on Automated Software Engineering Workshops (ASEW)}, 
    title={Worrisome Patterns in Developers: A Survey in Cryptography}, 
    year={2021},
    volume={},
    number={},
    pages={185-190},
    doi={10.1109/ASEW52652.2021.00045}
}

@ARTICLE{complexity,
    author={Shin, Yonghee and Meneely, Andrew and Williams, Laurie and Osborne, Jason A.},
    journal={IEEE Transactions on Software Engineering}, 
    title={Evaluating Complexity, Code Churn, and Developer Activity Metrics as Indicators of Software Vulnerabilities}, 
    year={2011},
    volume={37},
    number={6},
    pages={772-787},
    doi={10.1109/TSE.2010.81}
}

@inproceedings{linuslaw2014,
    author = {Meneely, Andrew and Tejeda, Alberto C. Rodriguez and Spates, Brian and Trudeau, Shannon and Neuberger, Danielle and Whitlock, Katherine and Ketant, Christopher and Davis, Kayla},
    title = {An empirical investigation of socio-technical code review metrics and security vulnerabilities},
    year = {2014},
    isbn = {9781450332279},
    publisher = {Association for Computing Machinery},
    address = {New York, NY, USA},
    url = {https://doi.org/10.1145/2661685.2661687},
    doi = {10.1145/2661685.2661687},
    booktitle = {Proceedings of the 6th International Workshop on Social Software Engineering},
    pages = {37–44},
    numpages = {8},
    location = {Hong Kong, China},
    series = {SSE 2014}
}
