@misc{matej,
    author={Douša, Matěj},
    title={Kritéria pro hodnocení bezpečnosti kryptografických knihoven},
    publisher={Bakalářská práce. České vysoké učení technické v Praze, Fakulta informačních technologií},
    year={2024}
}

@misc{kirill,
    author={Leonov, Kirill},
    title={Kritéria pro hodnocení bezpečnosti kryptografických knihoven},
    publisher={Bakalářská práce. České vysoké učení technické v Praze, Fakulta informačních technologií},
    year={2024}
}

@book{snowden2019permanent,
  title={Permanent Record},
  author={Snowden, E.},
  isbn={9781529035667},
  year={2019},
  publisher={Macmillan},
}

@book{kahn1996codebreakers,
    title={The Codebreakers: The comprehensive history of secret communication from ancient times to the internet},
    author={Kahn, David},
    year={1996},
    publisher={Scribner},
    isbn={0684831309},
}

@book{sfragistika,
    author={Maráz, Karel},
    title={Sfragistika: studijní texty pro posluchače pomocných věd historických a archivnictví},
    isbn={978-80-210-7144-5},
    publisher={Masarykova univerzita},
    year={2014},
    url={https://hdl.handle.net/11222.digilib/131275}
}

@Inbook{Daswani2007,
    title={Secure Design Principles},
    author={Daswani, Neil and Kern, Christoph and Kesavan, Anita},
    bookTitle={Foundations of Security: What Every Programmer Needs to Know},
    pages={61--76},
    year={2007},
    isbn={978-1-4302-0377-3},
    doi={10.1007/978-1-4302-0377-3_3},
    publisher={Apress},
    address={Berkeley, CA}
}

@online{zlatabula,
    title={Proč „zlatá“ a proč „sicilská“?},
    author={Bílá, Martina},
    publisher={Rozhovor s profesorem Josefem Žemličkou v Českém rozhlase},
    url={https://cesky.radio.cz/proc-zlata-a-proc-sicilska-8554643},
    urldate={2024-04-05}
}

@book{vaudenay2006,
    title={A Classical Introduction to Cryptography},
    subtitle={Applications for Communications Security},
    author={Vaudenay, Serge},
    ISBN = {0387254641},
    url = {http://dx.doi.org/10.1007/b136373},
    DOI = {10.1007/b136373},
    publisher = {Springer-Verlag},
    year = {2006}
}

@online{vergexz,
    author={Khalid, Amrita},
    title={How one volunteer stopped a backdoor from exposing Linux systems worldwide},
    url={https://www.theverge.com/2024/4/2/24119342/xz-utils-linux-backdoor-attempt},
    year={2024},
    urldate={2024-04-12}
}

@online{appstorestats,
    title={Number of available applications in the Google Play Store from December 2009 to December 2023},
    author={Ceci, Laura},
    url={https://www.statista.com/statistics/266210/number-of-available-applications-in-the-google-play-store/},
    urldate={2024-04-05}
}

@misc{synopsysossreport,
    title={2024 Open Source Security and Analysis Report},
    author={{Synopsys, Inc.}},
    year={2024},
    url={https://www.synopsys.com/software-integrity/resources/analyst-reports/open-source-security-risk-analysis.html},
    urldate={2024-04-12},
}

@misc{xkcd,
    title={Dependency},
    author={{xkcd}},
    year={2020},
    url={https://xkcd.com/2347},
    urldate={2024-04-08},
}

@online{cve-2024-3094,
    author={Freund, Andres},
    title={CVE-2024-3094},
    year={2024},
    url={https://access.redhat.com/security/cve/CVE-2024-3094},
    urldate={2024-04-09}
}

@online{mssdl,
    author={{Microsoft Corporation}},
    title={Microsoft Security Development Lifecycle},
    url={https://www.microsoft.com/en-us/securityengineering/sdl},
    urldate={2024-04-09}
}

@article{shannon1949communication,
    title={Communication theory of secrecy systems},
    author={Shannon, Claude E},
    journal={The Bell system technical journal},
    volume={28},
    number={4},
    pages={656--715},
    year={1949},
    publisher={Nokia Bell Labs}
}

@inproceedings{impact-openssl,
    author = {Walden, James},
    title = {The Impact of a Major Security Event on an Open Source Project: The Case of OpenSSL},
    year = {2020},
    isbn = {9781450375177},
    publisher = {Association for Computing Machinery},
    address = {New York, NY, USA},
    url = {https://doi.org/10.1145/3379597.3387465},
    doi = {10.1145/3379597.3387465},
    booktitle = {Proceedings of the 17th International Conference on Mining Software Repositories},
    pages = {409–419},
    numpages = {11},
    keywords = {case study, software evolution, software security},
    location = {Seoul, Republic of Korea},
    series = {MSR '20}
}

@article{schryen2009security,
    title={Security of open source and closed source software: An empirical comparison of published vulnerabilities},
    author={Schryen, Guido},
    journal={AMCIS 2009 Proceedings},
    year={2009},
    howpublished={online},
    url={https://aisel.aisnet.org/amcis2009/387},
    urldate={2024-05-09}
}

@article{schryen2009security-debate,
    title={Security of open source and closed source software: An empirical comparison of published vulnerabilities},
    author={Schryen, Guido},
    journal={AMCIS 2009 Proceedings},
    pages={1},
    year={2009},
    howpublished={online},
    url={https://aisel.aisnet.org/amcis2009/387},
    urldate={2024-05-09},
    note={Vlastní překlad.}
}

@online{osidefinition,
    author = {{Open Source Initiative}},
    title = {The Open Source Definition},
    year = 2006,
    url = {https://opensource.org/osd},
    urldate = {2024-03-26}
}

@article{glass2004,
    author = {Glass, Robert L.},
    title = {A look at the economics of open source},
    year = {2004},
    issue_date = {February 2004},
    publisher = {Association for Computing Machinery},
    address = {New York, NY, USA},
    volume = {47},
    number = {2},
    issn = {0001-0782},
    url = {https://doi.org/10.1145/966389.966409},
    doi = {10.1145/966389.966409},
    abstract = {Is open source the future of the software field or a passing fad?},
    journal = {Commun. ACM},
    month = {feb},
    pages = {25–27},
    numpages = {3}
}

@inproceedings{wen2019security,
    author="Wen, Shao-Fang and Kianpour, Mazaher and Katt, Basel",
    editor="Lanet, Jean-Louis and Toma, Cristian",
    title="Security Knowledge Management in Open Source Software Communities",
    booktitle="Innovative Security Solutions for Information Technology and Communications",
    year="2019",
    publisher="Springer International Publishing",
    address="Cham",
    pages="53--70",
    isbn="978-3-030-12942-2"
}

@article{boughton2024decomposing,
    title={Decomposing and Measuring Trust in Open-Source Software Supply Chains},
    author={Boughton, Lina and Miller, Courtney and Acar, Yasemin and Wermke, Dominik and K{\"a}st\-ner, Christian},
    howpublished={online},
    year={2024},
    url={https://www.cs.cmu.edu/~ckaestne/pdf/icsenier24.pdf},
    urldate={2024-05-08},
}

@inproceedings{osslinuslaw2014,
    author = {Meneely, Andrew and Tejeda, Alberto C. Rodriguez and Spates, Brian and Trudeau, Shannon and Neuberger, Danielle and Whitlock, Katherine and Ketant, Christopher and Davis, Kayla},
    title = {An empirical investigation of socio-technical code review metrics and security vulnerabilities},
    year = {2014},
    isbn = {9781450332279},
    publisher = {Association for Computing Machinery},
    address = {New York, NY, USA},
    url = {https://doi.org/10.1145/2661685.2661687},
    doi = {10.1145/2661685.2661687},
    booktitle = {Proceedings of the 6th International Workshop on Social Software Engineering},
    pages = {37–44},
    numpages = {8},
    keywords = {code review, socio-technical, vulnerability},
    location = {Hong Kong, China},
    series = {SSE 2014},
    note = {Vlastní překlad.}
}

@INPROCEEDINGS{oss-security-literature,
    author={Wen, Shao-Fang},
    booktitle={2017 21st Conference of Open Innovations Association (FRUCT)}, 
    title={Software security in open source development: A systematic literature review}, 
    year={2017},
    volume={},
    number={},
    pages={364-373},
    keywords={Security;Focusing;Knowledge management;Buildings;Open source software;Systematics},
    doi={10.23919/FRUCT.2017.8250205}
}

@inproceedings{open-vs-closed,
    author = {Schryen, Guido and Kadura, Rouven},
    title = {Open source vs. closed source software: towards measuring security},
    year = {2009},
    isbn = {9781605581668},
    publisher = {Association for Computing Machinery},
    address = {New York, NY, USA},
    doi = {10.1145/1529282.1529731},
    booktitle = {Proceedings of the 2009 ACM Symposium on Applied Computing},
    pages = {2016–2023},
    numpages = {8},
    keywords = {security, open source software, metrics, closed source software},
    location = {Honolulu, Hawaii},
    series = {SAC '09},
    note = {Vlastní překlad.}
}

@article{scacchi2006understanding,
    author = {Scacchi, Walt and Feller, Joseph and Fitzgerald, Brian and Hissam, Scott and Lakhani, Karim},
    title = {Understanding Free/Open Source Software Development Processes},
    journal = {Software Process: Improvement and Practice},
    volume = {11},
    number = {2},
    pages = {95-105},
    keywords = {open source software development, free software development, free/open source software processes},
    doi = {https://doi.org/10.1002/spip.255},
    year = {2006}
}

@article{raymond1999cathedral,
    title={The cathedral and the bazaar},
    author={Raymond, Eric},
    journal={Knowledge, Technology \& Policy},
    volume={12},
    number={3},
    pages={23--49},
    year={1999},
    publisher={Springer},
    note={Přeložil Miloslav Nič},
    url={https://www.root.cz/knihy/katedrala-a-trziste/},
    urldate={2024-03-25}
}

@book{kerckhoffs1883cryptographie,
    title={La cryptographie militaire, ou, Des chiffres usit{\'e}s en temps de guerre: avec un nouveau proc{\'e}d{\'e} de d{\'e}chiffrement applicable aux syst{\`e}mes {\`a} double clef},
    author={Kerckhoffs, Auguste},
    year={1883},
    publisher={Librairie militaire de L. Baudoin}
}

@ARTICLE{oss2011,
    author={Shin, Yonghee and Meneely, Andrew and Williams, Laurie and Osborne, Jason A.},
    journal={IEEE Transactions on Software Engineering}, 
    title={Evaluating Complexity, Code Churn, and Developer Activity Metrics as Indicators of Software Vulnerabilities}, 
    year={2011},
    volume={37},
    number={6},
    pages={772-787},
    keywords={Fault diagnosis;Software security;Complexity theory;Predictive models;Charge coupled devices;Fault prediction;software metrics;software security;vulnerability prediction.},
    doi={10.1109/TSE.2010.81}
}

@inproceedings{bosu2014characteristics,
    author = {Bosu, Amiangshu},
    title = {Characteristics of the vulnerable code changes identified through peer code review},
    year = {2014},
    isbn = {9781450327688},
    publisher = {Association for Computing Machinery},
    address = {New York, NY, USA},
    doi = {10.1145/2591062.2591200},
    booktitle = {Companion Proceedings of the 36th International Conference on Software Engineering},
    pages = {736–738},
    numpages = {3},
    keywords = {vulnerability, security defects, open source, inspection, code review},
    location = {Hyderabad, India},
    series = {ICSE Companion 2014}
}

@ARTICLE{greensmith,
    author={Green, Matthew and Smith, Matthew},
    journal={IEEE Security \& Privacy}, 
    title={Developers are Not the Enemy!: The Need for Usable Security APIs}, 
    year={2016},
    volume={14},
    number={5},
    pages={40-46},
    keywords={Software engineering;Cryptography;Privacy;Computer security;User centered design;APIs;usability;end users;cryptographic controls;usability testing;software;software engineering;privacy;security},
    doi={10.1109/MSP.2016.111}
}

@inproceedings{egele-android,
    author = {Egele, Manuel and Brumley, David and Fratantonio, Yanick and Kruegel, Christopher},
    title = {An empirical study of cryptographic misuse in android applications},
    year = {2013},
    isbn = {9781450324779},
    publisher = {Association for Computing Machinery},
    address = {New York, NY, USA},
    url = {https://doi.org/10.1145/2508859.2516693},
    doi = {10.1145/2508859.2516693},
    booktitle = {Proceedings of the 2013 ACM SIGSAC Conference on Computer \& Communications Security},
    pages = {73–84},
    numpages = {12},
    keywords = {software security, program analysis},
    location = {Berlin, Germany},
    series = {CCS '13}
}

@article{youreallyshouldnt,
    author={Jenny Blessing and Michael A. Specter and Daniel J. Weitzner},
    title={You Really Shouldn't Roll Your Own Crypto: An Empirical Study of Vulnerabilities in Cryptographic Libraries},
    journal={CoRR},
    volume={abs/2107.04940},
    year={2021},
    url={https://arxiv.org/abs/2107.04940},
    eprinttype={arXiv},
    eprint={2107.04940},
    timestamp={Tue, 20 Jul 2021 15:08:33 +0200},
    biburl={https://dblp.org/rec/journals/corr/abs-2107-04940.bib},
    bibsource={dblp computer science bibliography, https://dblp.org}
}

@ARTICLE{mccabe1976complexity,
    author={McCabe, T.J.},
    journal={IEEE Transactions on Software Engineering}, 
    title={A Complexity Measure}, 
    year={1976},
    volume={SE-2},
    number={4},
    pages={308-320},
    keywords={Software testing;System testing;Graph theory;Fluid flow measurement;Software measurement;Linear programming;Software engineering;Software systems;Software maintenance;National security;Basis;complexity measure;control flow;decomposition;graph theory;independence;linear;modularization;programming;reduction;software;testing},
    doi={10.1109/TSE.1976.233837}
}

@inproceedings{nagappan2005use,
    author = {Nagappan, Nachiappan and Ball, Thomas},
    title = {Use of relative code churn measures to predict system defect density},
    year = {2005},
    isbn = {1581139632},
    publisher = {Association for Computing Machinery},
    address = {New York, NY, USA},
    doi = {10.1145/1062455.1062514},
    booktitle = {Proceedings of the 27th International Conference on Software Engineering},
    pages = {284–292},
    numpages = {9},
    keywords = {relative code churn, principal component analysis, multiple regression, fault-proneness, defect density},
    location = {St. Louis, MO, USA},
    series = {ICSE '05}
}

@ARTICLE{graves2000predicting,
    author={Graves, T.L. and Karr, A.F. and Marron, J.S. and Siy, H.},
    journal={IEEE Transactions on Software Engineering}, 
    title={Predicting fault incidence using software change history}, 
    year={2000},
    volume={26},
    number={7},
    pages={653-661},
    keywords={History;Predictive models;Software systems;Aging;Time measurement;Software measurement;Length measurement;Software development management;Statistical analysis;Degradation},
    doi={10.1109/32.859533}
}

@inproceedings{angermeir2021enterprise,
    title={Enterprise-driven open source software: A case study on security automation},
    author={Angermeir, Florian and Voggenreiter, Markus and Moy{\'o}n, Fabiola and Mendez, Daniel},
    booktitle={2021 IEEE/ACM 43rd International Conference on Software Engineering: Software Engineering in Practice (ICSE-SEIP)},
    pages={278--287},
    year={2021},
    organization={IEEE}
}

@online{dhsbacksoss,
    author = {Naraine, Ryan},
    title = {DHS Backs Open-Source Security},
    year = 2006,
    url = {https://www.eweek.com/security/dhs-backs-open-source-security/},
    urldate = {2024-03-26}
}

@online{heartbleed,
    author = {{Synopsys, Inc.}},
    title = {Heartbleed Bug},
    url = {https://heartbleed.com/},
    urldate = {2024-03-27}
}

@online{ciibadge,
    author = {Wheeler, David A.},
    title = {Core Infrastructure Initiative (CII) Best-Practices Badge Criteria},
    year = {2016},
    url = {https://www.ida.org/-/media/feature/publications/c/co/core-infrastructure-initiative-cii-bestpractices-badge-criteria/d-8054.ashx},
    urldate = {2024-03-27}
}

@online{concise-guide-eval,
    author = {{Open Source Security Foundation}},
    title = {Concise Guide for Evaluating Open Source Software},
    year = {2023},
    url = {https://best.openssf.org/Concise-Guide-for-Evaluating-Open-Source-Software},
    urldate = {2024-03-27}    
}

@article{das2014iv,
    title={IV = 0 security: Cryptographic misuse of libraries},
    author={Das, Somak and Gopal, Vineet and King, Kevin and Venkatraman, Amruth},
    publisher={Massachusetts Institute of Technology},
    year={2014},
    howpublished={online},
    url={https://courses.csail.mit.edu/6.857/2014/files/18-das-gopal-king-venkatraman-IV-equals-zero-security.pdf},
    urldate={2023-11-01}
}

@INPROCEEDINGS{hurdles,
    author={Hazhirpasand, Mohammadreza and Nierstrasz, Oscar and Shabani, Mohammadhossein and Ghafari, Mohammad},
    booktitle={2021 IEEE International Conference on Software Maintenance and Evolution (ICSME)}, 
    title={Hurdles for Developers in Cryptography}, 
    year={2021},
    volume={},
    number={},
    pages={659-663},
    keywords={Software maintenance;Conferences;Passwords;Public key cryptography;Libraries;Complexity theory;Cryptography;Security;cryptography;developer issues},
    doi={10.1109/ICSME52107.2021.00076}
}

@inproceedings{comparative2023,
    author = {Luo, Junwei and Yang, Xuechao and Yi, Xun and Han, Fengling and Gondal, Iqbal and Huang, Guang-Bin},
    title = {A Comparative Study on Design and Usability of Cryptographic Libraries},
    year = {2023},
    publisher = {Association for Computing Machinery},
    address = {New York, NY, USA},
    url = {https://doi.org/10.1145/3579375.3579388},
    doi = {10.1145/3579375.3579388},
    booktitle = {Proceedings of the 2023 Australasian Computer Science Week},
    pages = {102–111},
    numpages = {10},
    keywords = {Usability Analysis, Cryptographic Library, Crypto APIs, API design},
    location = {Melbourne, Australia},
    series = {ACSW '23}
}

@INPROCEEDINGS{javacrypto,
    author={Hazhirpasand, Mohammadreza and Ghafari, Mohammad and Krüger, Stefan and Bodden, Eric and Nierstrasz, Oscar},
    booktitle={2019 ACM/IEEE International Symposium on Empirical Software Engineering and Measurement (ESEM)}, 
    title={The Impact of Developer Experience in Using Java Cryptography}, 
    year={2019},
    volume={},
    number={},
    pages={1-6},
    keywords={Java;Correlation;Standards;Tools;Ciphers;Java cryptography;security;empirical study},
    doi={10.1109/ESEM.2019.8870184}
}

@INPROCEEDINGS{comparing2017,
    author={Acar, Yasemin and Backes, Michael and Fahl, Sascha and Garfinkel, Simson and Kim, Doowon and Mazurek, Michelle L. and Stransky, Christian},
    booktitle={2017 IEEE Symposium on Security and Privacy (SP)}, 
    title={Comparing the Usability of Cryptographic APIs}, 
    year={2017},
    volume={},
    number={},
    pages={154-171},
    keywords={Cryptography;Libraries;Usability;Documentation;Programming;Guidelines;cryptography;API usability;usable security;controlled experiment},
    doi={10.1109/SP.2017.52}
}

@inproceedings{durumeric2014matter,
    author = {Durumeric, Zakir and Li, Frank and Kasten, James and Amann, Johanna and Beekman, Jethro and Payer, Mathias and Weaver, Nicolas and Adrian, David and Paxson, Vern and Bailey, Michael and Halderman, J. Alex},
    title = {The Matter of Heartbleed},
    year = {2014},
    isbn = {9781450332132},
    publisher = {Association for Computing Machinery},
    address = {New York, NY, USA},
    doi = {10.1145/2663716.2663755},
    booktitle = {Proceedings of the 2014 Conference on Internet Measurement Conference},
    pages = {475–488},
    numpages = {14},
    keywords = {heartbleed, internet-wide scanning, openssl, security},
    location = {Vancouver, BC, Canada},
    series = {IMC '14}
}

@misc{keckmasters,
    doi = {10.18419/OPUS-9294},
    url = {http://elib.uni-stuttgart.de/handle/11682/9311},
    author = {Keck, Philipp},
    language = {en},
    title = {Analysing and improving the crypto ecosystem of Rust},
    publisher = {Universit\"{a}t Stuttgart},
    year = {2017}
}

@misc{pycryptodoc,
    title = {PyCrypto API Documentation: Module AES},
    author = {Darsey Litzenberger},
    year = {2012},
    url = {https://www.pycrypto.org/api/current/},
    urldate = {2024-03-28}
}

@online{jcahash,
    title = {Secure Password Storage – Don’ts, dos and a Java example},
    author = {Orr, Jerry},
    year = {2012},
    url = {www.javacodegeeks.com/2012/05/secure-password-storage-donts-dos-and.html},
    urldate = {2024-03-28}
}

@INPROCEEDINGS{dazedandconfused,
    author={Hazhirpasand, Mohammadreza and Nierstrasz, Oscar and Ghafari, Mohammad},
    booktitle={2021 18th International Conference on Privacy, Security and Trust (PST)}, 
    title={Dazed and Confused: What's Wrong with Crypto Libraries?}, 
    year={2021},
    volume={},
    number={},
    pages={1-6},
    keywords={Privacy;Libraries;Software;Cryptography;Usability;Interoperability;Security;Cryptography;Crypto library},
    doi={10.1109/PST52912.2021.9647786}
}

@INPROCEEDINGS{rustcryptoapis,
    author={Mindermann, Kai and Keck, Philipp and Wagner, Stefan},
    booktitle={2018 IEEE International Conference on Software Quality, Reliability and Security (QRS)}, 
    title={How Usable Are Rust Cryptography APIs?}, 
    year={2018},
    volume={},
    number={},
    pages={143-154},
    keywords={Libraries;Usability;Resistance;Documentation;Computer languages;Encryption;Rust;cryptography;security;usability;api;exploration;controlled experiment;student participants;library},
    doi={10.1109/QRS.2018.00028}
}

@INPROCEEDINGS{worrisome,
    author={Hazhirpasand, Mohammadreza and Ghafari, Mohammad},
    booktitle={2021 36th IEEE/ACM International Conference on Automated Software Engineering Workshops (ASEW)}, 
    title={Worrisome Patterns in Developers: A Survey in Cryptography},
    year={2021},
    volume={},
    number={},
    pages={185-190},
    keywords={Training;Conferences;Companies;Programming;Cryptography;Open source software;Software engineering;Security;cryptography;survey},
    doi={10.1109/ASEW52652.2021.00045}
}

@INPROCEEDINGS{crypto-backdoors,
    author={Easttom, Chuck},
    booktitle={Electrical Engineering (ICEE), Iranian Conference on}, 
    title={A Study of Cryptographic Backdoors in Cryptographic Primitives}, 
    year={2018},
    volume={},
    number={},
    pages={1664-1669},
    keywords={Elliptic curve cryptography;Ciphers;Generators;Standards;Heuristic algorithms;cryptographic backdoors;DUAL_EC_DRBG;kleptography;cryptographic primitives},
    doi={10.1109/ICEE.2018.8472465}
}

@book{leblanc2002writing,
    title={Writing Secure Code},
    author={LeBlanc, D. and Howard, M.},
    isbn={9780735637405},
    series={Developer Best Practices},
    year={2002},
    publisher={Pearson Education}
}

@misc{mff-konstrukce-sifer,
    author={Kozlík, Andrew},
    title={Konstrukce šifer},
    howpublished={online},
    url={https://karlin.mff.cuni.cz/~kozlik/udk_mat/spn.pdf},
    urldate={2024-04-11}
}

@online{gaynor2020,
    author={Gaynor, Alex},
    title={What science can tell us about C and C++'s security},
    url={https://alexgaynor.net/2020/may/27/science-on-memory-unsafety-and-security/},
    urldate={2024-04-12}
}

@online{ringgithub,
    author={Smith, Brian},
    title={ring},
    url={https://github.com/briansmith/ring},
    urldate={2024-04-01},
    note={Vlastní překlad.}
}

@online{pycagithub,
    author={{Python Cryptography Authority}},
    title={cryptography},
    url={https://github.com/pyca/cryptography},
    urldate={2024-03-31}
}

@online{pythontls,
    author={{Python Software Foundation}},
    title={Python 3.12.3 documentation},
    url={https://docs.python.org/3/library/ssl.html},
    urldate={2024-03-31}
}

@online{pycryptodome,
    author={Eijs, Helder},
    title={PyCryptodome},
    url={https://github.com/Legrandin/pycryptodome/},
    urldate={2024-04-01},
    note={Vlastní překlad.}
}

@online{safecodetpc,
    author={SAFECode},
    title={Managing Security Risks Inherent in the Use of Third-party Components},
    url={https://safecode.org/wp-content/uploads/2017/05/SAFECode_TPC_Whitepaper.pdf},
    urldate={2024-04-14}
}

@inproceedings{lazaretal,
    author = {Lazar, David and Chen, Haogang and Wang, Xi and Zeldovich, Nickolai},
    title = {Why does cryptographic software fail? a case study and open problems},
    year = {2014},
    isbn = {9781450330244},
    publisher = {Association for Computing Machinery},
    address = {New York, NY, USA},
    url = {https://doi.org/10.1145/2637166.2637237},
    doi = {10.1145/2637166.2637237},
    abstract = {Mistakes in cryptographic software implementations often undermine the strong security guarantees offered by cryptography. This paper presents a systematic study of cryptographic vulnerabilities in practice, an examination of state-of-the-art techniques to prevent such vulnerabilities, and a discussion of open problems and possible future research directions. Our study covers 269 cryptographic vulnerabilities reported in the CVE database from January 2011 to May 2014. The results show that just 17\% of the bugs are in cryptographic libraries (which often have devastating consequences), and the remaining 83\% are misuses of cryptographic libraries by individual applications. We observe that preventing bugs in different parts of a system requires different techniques, and that no effective techniques exist to deal with certain classes of mistakes, such as weak key generation.},
    booktitle = {Proceedings of 5th Asia-Pacific Workshop on Systems},
    articleno = {7},
    numpages = {7},
    location = {Beijing, China},
    series = {APSys '14}
}

@book{Dworkin2007,
    title = {Recommendation for block cipher modes of operation :: GaloisCounter Mode (GCM) and GMAC},
    url = {http://dx.doi.org/10.6028/NIST.SP.800-38D},
    urldate = {2024-04-14},
    DOI = {10.6028/nist.sp.800-38d},
    institution = {National Institute of Standards and Technology},
    author = {Dworkin, Morris},
    year = {2007}
}

@online{shattered,
    author={Stevens, Marc and Bursztein, Elie and Karpman, Pierre and Albertini, Ange and Markov, Yarik},
    title={The first collision for full SHA-1},
    url={https://shattered.io/static/shattered.pdf},
    urldate={2024-04-14}
}

@online{cvers,
    author={{Speykious}},
    title={cve-rs},
    url={https://github.com/Speykious/cve-rs},
    urldate={2024-04-14}
}

@online{cloudflarepaddingoracle,
    author={Sullivan, Nick},
    title={Padding oracles and the decline of CBC-mode cipher suites},
    year={2016},
    url={https://blog.cloudflare.com/padding-oracles-and-the-decline-of-cbc-mode-ciphersuites},
    urldate={2024-04-15}
}

@online{rfc2898,
    author={Kaliski, B.},
    title={RFC 2898 --- PKCS \#5: Password-Based Cryptography Specification Version 2.0},
    year={2000},
    url={https://www.ietf.org/rfc/rfc2898.txt},
    urldate={2024-04-15}
}

@online{tls13rfc,
    author={Rescorla, E.},
    title={RFC 8446 --- The Transport Layer Security (TLS) Protocol Version 1.3},
    year={2018},
    url={https://datatracker.ietf.org/doc/html/rfc8446},
    urldate={2024-04-15},
    note={Vlastní překlad.}
}

@online{openssl-evp-encryptinit,
    author={{OpenSSL Project Authors}},
    title={EVP\_EncryptInit},
    url={https://www.openssl.org/docs/man3.2/man3/EVP_EncryptInit.html},
    urldate={2024-04-15}
}

@online{jca-encryptinit,
    author={{Oracle and/or its affiliates}},
    title={Java Cryptography Architecture (JCA) Reference Guide},
    url={https://docs.oracle.com/javase/8/docs/technotes/guides/security/crypto/CryptoSpec.html},
    urldate={2024-04-15}
}

@online{ai-hallucinate,
    title={AI hallucinates software packages and devs download them – even if potentially poisoned with malware},
    author={Claburn, Thomas},
    year={2024},
    url={https://www.theregister.com/2024/03/28/ai_bots_hallucinate_software_packages/},
    urldate={2024-04-15}
}

@INPROCEEDINGS{fluentcrypto,
    author={Kafader, Simon and Ghafari, Mohammad},
    booktitle={2021 IEEE International Conference on Software Maintenance and Evolution (ICSME)}, 
    title={FluentCrypto: Cryptography in Easy Mode}, 
    year={2021},
    volume={},
    number={},
    pages={402-412},
    keywords={Software maintenance;Runtime environment;Conferences;Complexity theory;Cryptography;Task analysis;Usable security;cryptography;secure by design;fluent API},
    doi={10.1109/ICSME52107.2021.00042}
}

@online{poodle,
    author={{Ars Staff}},
    title={SSL broken, again, in POODLE attack},
    year={2014},
    url={https://arstechnica.com/information-technology/2014/10/ssl-broken-again-in-poodle-attack/},
    urldate={2024-04-15}
}

@online{openssl-web,
    author={{OpenSSL Project Authors}},
    title={Welcome to OpenSSL!},
    year={Copyright © 1999-2024},
    url={https://www.openssl.org/},
    urldate={2024-04-16}
}

@online{openssl-committerpolicy,
    author={{OpenSSL Project Authors}},
    title={Policy for OpenSSL Committers},
    year={Copyright © 1999-2024},
    url={https://www.openssl.org/policies/general/committer-policy.html},
    urldate={2024-04-16}
}

@online{openssl-committerlist,
    author={{OpenSSL Project Authors}},
    title={List of Committers},
    year={Copyright © 1999-2024},
    url={https://www.openssl.org/community/committers.html},
    urldate={2024-04-16}
}

@online{openssl-bylaws,
    author={{OpenSSL Project Authors}},
    title={OpenSSL Bylaws},
    year={Copyright © 1999-2024},
    url={https://www.openssl.org/policies/omc-bylaws.html},
    urldate={2024-04-16}
}

@online{openssl-donations,
    author={{OpenSSL Project Authors}},
    title={Sponsorship and Donations},
    year={Copyright © 1999-2024},
    url={https://www.openssl.org/support/donations.html},
    urldate={2024-03-31}
}

@online{openssl-fips,
    author={{National Institute of Standards and Technology}},
    title={Cryptographic Module Validation Program},
    subtitle={Certificate \#4282},
    url={https://csrc.nist.gov/projects/cryptographic-module-validation-program/certificate/4282},
    urldate={2024-04-16}
}

@online{openssl-openssf,
    title={OpenSSL},
    author={{OpenSSF Best Practices Badge a Series of LF Projects, LLC}},
    url={https://www.bestpractices.dev/en/projects/54},
    urldate={2024-04-16}
}

@online{gnupg-people,
    title={The People behind GnuPG},
    author={{The GnuPG Project}},
    year={Copyright 1998--2020},
    url={https://gnupg.org/people/index.html},
    urldate={2024-03-30}
}

@online{gnupg-new-future,
    title={A New Future for GnuPG},
    author={Koch, Werner},
    year={2022},
    url={https://gnupg.org/blog/20220102-a-new-future-for-gnupg.html},
    urldate={2024-03-30}
}

@online{gnupg-openssf,
    title={GnuPG},
    author={{OpenSSF Best Practices Badge a Series of LF Projects, LLC}},
    url={https://www.bestpractices.dev/en/projects/197},
    urldate={2024-04-16}
}

@online{rustls-gh,
    title={rustls},
    subtitle={A modern TLS library in Rust},
    url={https://github.com/rustls/rustls},
    urldate={2024-04-16}
}

@online{prossimo,
    title={About Prossimo},
    author={{Internet Security Research Group}},
    year={© 2022},
    url={https://www.memorysafety.org/about/},
    urldate={2024-04-16},
    note={Vlastní překlad.}
}

@online{ecbpenguin,
    title={The ECB Penguin},
    author={Valsorda, Filippo},
    year={2013},
    url={https://words.filippo.io/the-ecb-penguin/},
    urldate={2024-04-16}
}

@online{rustsec,
    title={A vulnerability database for the Rust ecosystem},
    author={{Rust Secure Code Working Group}},
    url={https://rustsec.org/},
    urldate={2024-04-16}
}

@online{briansmith-email,
    title={Brian Smith (Internet Archive)},
    url={https://web.archive.org/web/20151002142243/https://briansmith.org/},
    urldate={2024-04-16}
}

@online{briansmith-bugzilla,
    title={Commit Access (Level 1) for Brian Smith},
    url={https://bugzilla.mozilla.org/show_bug.cgi?id=607661},
    urldate={2024-04-16}
}

@online{briansmith-firefox,
    title={mozilla::pkix: Firefox's X.509 certificate verification core code.},
    author={Smith, Brian},
    url={https://github.com/briansmith/mozillapkix},
    urldate={2024-04-16}
}

@online{briansmith-ssl,
    title={What is going on with Firefox SSL ?},
    url={http://web.archive.org/web/20240430230547/https://old.reddit.com/r/firefox/comments/1ddmc2/what_is_going_on_with_firefox_ssl/?rdt=35796},
    urldate={2024-05-01}
}

@online{pyca-so,
    title={Are the various Python Authorities (pypa, pycqa, etc.) somehow 'official'?},
    year={2017},
    url={https://stackoverflow.com/questions/42171013/are-the-various-python-authorities-pypa-pycqa-etc-somehow-official},
    urldate={2024-04-16}
}

@online{pyca-web,
    title={Welcome to pyca/cryptography},
    author={{Individual Contributors}},
    year={© Copyright 2013--2024},
    url={https://cryptography.io/},
    urldate={2024-04-17}
}

@online{pyca-security,
    title={Security — Cryptography 43.0.0.dev1 documentation},
    author={{Individual Contributors}},
    year={© Copyright 2013--2024},
    url={https://cryptography.io/en/latest/security/},
    urldate={2024-04-17}
}

@online{pcd-gh,
    title={PyCryptodome},
    subtitle={A self-contained cryptographic library for Python},
    author={Helder, Eijs},
    url={https://github.com/Legrandin/pycryptodome},
    urldate={2024-04-18}
}

@online{cve-2021-4044,
    title={CVE-2021-4044},
    author={{National Institute of Standards and Technology}},
    url={https://nvd.nist.gov/vuln/detail/CVE-2021-4044},
    urldate={2024-03-30}
}

@online{cve-2008-5077,
    title={CVE-2008-5077},
    author={{National Institute of Standards and Technology}},
    url={https://nvd.nist.gov/vuln/detail/CVE-2008-5077},
    urldate={2024-03-30}
}

@online{openssl-codecov,
    title={openssl/openssl | Coveralls - Test Coverage History \& Statistics},
    author={{Coveralls, Inc.}},
    year={© 2024},
    url={https://coveralls.io/github/openssl/openssl},
    urldate={2024-04-03}
}

@online{openssl-fuzz,
    title={Coverage Report},
    url={https://storage.googleapis.com/oss-fuzz-coverage/openssl/reports/20190512/linux/report.html},
    urldate={2024-04-18}
}

@online{gcrypt-doc,
    title={The Libgcrypt Reference Manual},
    year={2023},
    url={https://gnupg.org/documentation/manuals/gcrypt/},
    urldate={2024-04-18}
}

@misc{cloc-openssl-libgcrypt,
    title={CLOC},
    author={Danial, Albert},
    howpublished={{software}},
    year={2023},
    url={https://github.com/AlDanial/cloc},
    urldate={2024-04-18},
    note = {Verze 1.96.}
}

@online{rustls-man,
    title={Module rustls::manual},
    url={https://docs.rs/rustls/latest/rustls/manual/index.html},
    urldate={2024-04-19}
}

@online{ring-noncesequence-issue,
    title={How to use NonceSequence properly},
    url={https://github.com/briansmith/ring/issues/899},
    urldate={2024-04-22}
}

@online{pyca-misuse-random,
    title={Cryptographic API Misuse Vulnerability: Do not use insecure pseudo random number generator(PRNG) in a security context},
    url={https://github.com/vhqr0/python-proxy-platform/issues/1},
    urldate={2024-04-01},
}

@online{github-copilot,
    title={GitHub Copilot · Your AI pair programmer},
    author={{GitHub, Inc.}},
    year={© 2024},
    url={https://github.com/features/copilot},
    urldate={2024-04-22}
}

@online{openssl-wiki,
    title={OpenSSLWiki},
    year={2021},
    url={https://wiki.openssl.org},
    urldate={2024-04-22}
}

@online{openssl-wiki-example,
    title={EVP Symmetric Encryption and Decryption},
    year={2023},
    url={https://wiki.openssl.org/index.php/EVP_Symmetric_Encryption_and_Decryption#Encrypting_the_message},
    urldate={2024-04-22}
}

@online{cve-overview,
    title={About the CVE Program},
    author={{The MITRE Corporation}},
    year={Copyright © 1999-2024},
    url={https://www.cve.org/About/Overview},
    urldate={2024-04-22}
}

@online{haakegaard2015elliptic,
    title={The Elliptic Curve Diffie-Hellman (ECDH)},
    author={Haakegaard, Rakel and Lang, Joanna},
    url={https://koclab.cs.ucsb.edu/teaching/ecc/project/2015Projects/Haakegaard+Lang.pdf},
    urldate={2024-04-22},
    year={2015}
}

@online{gcrypt-getting-started,
    title={Getting Started (The Libgcrypt Reference Manual)},
    url={https://gnupg.org/documentation/manuals/gcrypt/Getting-Started.html},
    urldate={2024-04-23},
    note={Vlastní překlad.}
}

@online{pcd-issue-720,
    title={raise ValueError("Triple DES key degenerates to single DES")},
    url={https://github.com/Legrandin/pycryptodome/issues/720},
    urldate={2024-04-01},
}

@online{pcd-issue-57,
    title={Implement a high level authenticated symmetric function},
    url={https://github.com/Legrandin/pycryptodome/issues/57},
    urldate={2024-04-01},
}

@online{pcd-issue-320,
    title={Better Exception raising},
    url={https://github.com/Legrandin/pycryptodome/issues/320},
    urldate={2024-04-01},
}

@online{pcd-issue-482,
    title={Proper way to do AES-GCM encryption of big files (larger than RAM) in blocks},
    url={https://github.com/Legrandin/pycryptodome/issues/482},
    urldate={2024-04-01},
}

@online{pcd-issue-646,
    title={DOCS: Please provide example for encrypting in more than one call to encrypt()},
    url={https://github.com/Legrandin/pycryptodome/issues/646},
    urldate={2024-04-01},
}

@online{pythonspider-issue,
    title={Cryptographic API Misuse Vulnerability : Do not use non-random/static)predictable IVs in CBC},
    url={https://github.com/Jack-Cherish/python-spider/issues/127},
    urldate={2024-04-01},
}

@inproceedings{cryscanner,
    author = {Choudhari, Amit and Guilley, Sylvain and Karray, Khaled},
    year = {2021},
    month = {12},
    pages = {230-235},
    title = {CRYScanner: Finding cryptographic libraries misuse},
    doi = {10.1109/NICS54270.2021.9701469}
}

@online{openssl-disc-22838,
    title={Strange behaviour from the EVP\_PKEY\_decrypt function},
    url={https://github.com/openssl/openssl/discussions/22838},
    urldate={2024-04-23}
}

@online{openssl-disc-23026,
    title={Question regarding AES-128 XTS and partial encryption and decryption.},
    url={https://github.com/openssl/openssl/discussions/23026},
    urldate={2024-04-23}
}

@online{openssl-disc-21610,
    title={EVP\_CipherUpdate causing buffer overflow if olen is less then block size},
    url={https://github.com/openssl/openssl/discussions/21610},
    urldate={2024-04-23}
}

@online{openssl-disc-23198,
    title={password decryption doesn't fail 0.4\% of the time while given the wrong password (depends on salt)},
    url={https://github.com/openssl/openssl/discussions/23198},
    urldate={2024-04-23}
}

@online{openssl-disc-22170,
    title={AES CFB128 encode with empty key problem},
    url={https://github.com/openssl/openssl/discussions/22170},
    urldate={2024-04-23}
}

@online{so-14548748,
    title={Encrypting a file from a password using libgcrypt},
    url={https://stackoverflow.com/questions/14548748/encrypting-a-file-from-a-password-using-libgcrypt},
    urldate={2024-04-25}
}

@online{so-71102901,
    title={libgcrypt - how to get length of data stored in buffer returned by gcry\_cipher\_encrypt()},
    url={https://stackoverflow.com/questions/71102901/libgcrypt-how-to-get-length-of-data-stored-in-buffer-returned-by-gcry-cipher-e},
    urldate={2024-04-25}
}

@online{so-56509552,
    title={AES CCM Encryption and Decryption in Libgcrypt},
    url={https://stackoverflow.com/questions/56509552/aes-ccm-encryption-and-decryption-in-libgcrypt},
    urldate={2024-04-25}
}

@online{so-53749797,
    title={AES128 encryption libgcrypt outputs junk},
    url={https://stackoverflow.com/questions/53749797/aes128-encryption-libgcrypt-outputs-junk},
    urldate={2024-04-25}
}

@online{so-14583733,
    title={Key derivation using libgcrypt in C},
    url={https://stackoverflow.com/questions/14583733/key-derivation-using-libgcrypt-in-c},
    urldate={2024-04-25}
}

@online{so-4124182,
    title={C/C++ encrypt/decrypt with public key},
    url={https://stackoverflow.com/questions/4124182/c-c-encrypt-decrypt-with-public-key},
    urldate={2024-04-25}
}

@online{so-56266972,
    title={Libgcrypt in C returning 42},
    url={https://stackoverflow.com/questions/56266972/libgcrypt-in-c-returning-42},
    urldate={2024-04-25}
}

@online{so-65209512,
    title={Wrong ciphertext length in c libgcrypt},
    url={https://stackoverflow.com/questions/65209512/wrong-ciphertext-length-in-c-libgcrypt},
    urldate={2024-04-25}
}

@online{so-26189967,
    title={AES128 in libgcrypt not encrypting},
    url={https://stackoverflow.com/questions/26189967/aes128-in-libgcrypt-not-encrypting},
    urldate={2024-04-25}
}

@online{so-14174486,
    title={issue with encryption and decryption of a file in C with aes256-cbc using libgcrypt},
    url={https://stackoverflow.com/questions/14174486/issue-with-encryption-and-decryption-of-a-file-in-c-with-aes256-cbc-using-libgcr},
    urldate={2024-04-25}
}

@online{so-21882115,
    title={aes-gcm using libgcrypt api in C},
    url={https://stackoverflow.com/questions/21882115/aes-gcm-using-libgcrypt-api-in-c},
    urldate={2024-04-25}
}

@online{so-5852437,
    title={libgcrypt AES to return ascii ciphertext?},
    url={https://stackoverflow.com/questions/5852437/libgcrypt-aes-to-return-ascii-ciphertext},
    urldate={2024-04-25}
}

@online{so-35835927,
    title={Strip AES padding during fread/fwrite},
    url={https://stackoverflow.com/questions/35835927/strip-aes-padding-during-fread-fwrite},
    urldate={2024-04-25}
}

@online{so-14196986,
    title={c aes256 padding with pkcs\#7 standard},
    url={https://stackoverflow.com/questions/14196986/c-aes256-padding-with-pkcs7-standard},
    urldate={2024-04-25}
}

@online{so-17711691,
    title={What is libgcrypt doing different when calling the aes128 cipher with a 256bit key?},
    url={https://stackoverflow.com/questions/17711691/what-is-libgcrypt-doing-different-when-calling-the-aes128-cipher-with-a-256bit-k},
    urldate={2024-04-25}
}

@online{ring-issue,
    title={How to use NonceSequence properly},
    url={https://github.com/briansmith/ring/issues/899},
    urldate={2024-04-25}
}

@online{so-77593524,
    title={How to decrypt ciphertext with rust ring AEAD?},
    url={https://stackoverflow.com/questions/77593524/how-to-decrypt-ciphertext-with-rust-ring-aead},
    urldate={2024-04-25}
}

@online{so-66492119,
    title={«Unspecified» error when verifying ECDSA signature with ring},
    url={https://stackoverflow.com/questions/66492119/unspecified-error-when-verifying-ecdsa-signature-with-ring},
    urldate={2024-04-25}
}

@online{so-52888842,
    title={Incorrect Hmac SHA256 Base64 encoded result in Rust compared to JS approach},
    url={https://stackoverflow.com/questions/52888842/incorrect-hmac-sha256-base64-encoded-result-in-rust-compared-to-js-approach},
    urldate={2024-04-25}
}

@online{so-72872350,
    title={HMAC-SHA512 in Rust, can't get expected result},
    url={https://stackoverflow.com/questions/72872350/hmac-sha512-in-rust-cant-get-expected-result},
    urldate={2024-04-25}
}

@online{so-70478735,
    title={how to get the digest string format result from rust ring Digest},
    url={https://stackoverflow.com/questions/70478735/how-to-get-the-digest-string-format-result-from-rust-ring-digest},
    urldate={2024-04-25}
}

@online{so-66193072,
    title={Generating secure random bytes in rust},
    url={https://stackoverflow.com/questions/66193072/generating-secure-random-bytes-in-rust},
    urldate={2024-04-25}
}

@online{so-66856419,
    title={How to choose your own password in cryptography library in python? [duplicate]},
    url={https://stackoverflow.com/questions/66856419/how-to-choose-your-own-password-in-cryptography-library-in-python},
    urldate={2024-04-25}
}

@online{so-76154142,
    title={What is a fernet key exactly?},
    url={https://stackoverflow.com/questions/76154142/what-is-a-fernet-key-exactly},
    urldate={2024-04-25}
}

@online{so-55096978,
    title={MD5 Public-Private Key Encryption (python)},
    url={https://stackoverflow.com/questions/55096978/md5-public-private-key-encryption-python},
    urldate={2024-04-25}
}

@online{so-71430014,
    title={Django Python: How do I decrypt an AES-CTR mode encrypted file in the Python shell?},
    url={https://stackoverflow.com/questions/71430014/django-python-how-do-i-decrypt-an-aes-ctr-mode-encrypted-file-in-the-python-she},
    urldate={2024-04-25}
}

@online{so-52693398,
    title={Can I send unencrypted nonce in AES-GCM?},
    url={https://stackoverflow.com/questions/52693398/can-i-send-unencrypted-nonce-in-aes-gcm},
    urldate={2024-04-25}
}

@online{so-57544299,
    title={ValueError: Invalid padding bytes when decrypting with AES256},
    url={https://stackoverflow.com/questions/57544299/valueerror-invalid-padding-bytes-when-decrypting-with-aes256},
    urldate={2024-04-25}
}

@online{so-77542044,
    title={How can I read the encryption key generated by cryptography.fernet from a yaml file as a string?},
    url={https://stackoverflow.com/questions/77542044/how-can-i-read-the-encryption-key-generated-by-cryptography-fernet-from-a-yaml-f},
    urldate={2024-04-25}
}

@online{so-62333295,
    title={Cryptography Decryption Problems},
    url={https://stackoverflow.com/questions/62333295/cryptography-decryption-problems},
    urldate={2024-04-25}
}

@online{so-63995169,
    title={FERNET Error : cryptography.fernet.InvalidToken},
    url={https://stackoverflow.com/questions/63995169/fernet-error-cryptography-fernet-invalidtoken},
    urldate={2024-04-25}
}

@online{so-54752085,
    title={PyCrypto Cyphertext incorrect length even with a one char data},
    url={https://stackoverflow.com/questions/54752085/pycrypto-cyphertext-incorrect-length-even-with-a-one-char-data},
    urldate={2024-04-25}
}

@online{so-61645823,
    title={Allowing Password to be any length Crypto},
    url={https://stackoverflow.com/questions/61645823/allowing-password-to-be-any-length-crypto},
    urldate={2024-04-25}
}

@online{so-60476856,
    title={How to Encrypt a PDF in python using pycryptodome},
    url={https://stackoverflow.com/questions/60476856/how-to-encrypt-a-pdf-in-python-using-pycryptodome},
    urldate={2024-04-25}
}

@online{so-54964354,
    title={RSA code written with PyCrypto doesn't work with PyCryptodome},
    url={https://stackoverflow.com/questions/54964354/rsa-code-written-with-pycrypto-doesnt-work-with-pycryptodome},
    urldate={2024-04-25}
}

@online{so-63655263,
    title={RSA signed data verification not working PyCryptodome},
    url={https://stackoverflow.com/questions/63655263/rsa-signed-data-verification-not-working-pycryptodome},
    urldate={2024-04-25}
}

@online{so-47990482,
    title={PyCryptoDome : AES-256 giving different output with same key \& data},
    url={https://stackoverflow.com/questions/47990482/pycryptodome-aes-256-giving-different-output-with-same-key-data},
    urldate={2024-04-25}
}

@online{ziglangdoc,
    title={Zig Language Reference},
    url={https://ziglang.org/documentation/0.12.0/\#Lifetime-and-Ownership},
    urldate={2024-04-26}
}

@online{linux414,
    author={Torvalds, Linus},
    title={Linux 4.14-rc5},
    url={https://www.mail-archive.com/linux-kernel@vger.kernel.org/msg1513352.html},
    urldate={2014-03-30}
}

@online{ossfuzz-gs,
    title={Accepting new projects | OSS-Fuzz},
    url={https://google.github.io/oss-fuzz/getting-started/accepting-new-projects/},
    urldate={2024-04-26},
    note={Vlastní překlad.}
}

@online{cve-2019-15545,
    title={CVE-2019-15545},
    author={{National Institute of Standards and Technology}},
    url={https://nvd.nist.gov/vuln/detail/CVE-2019-15545},
    urldate={2024-03-30}
}

@online{nist-nvd,
    url={https://nvd.nist.gov/},
    urldate={2024-03-30},
    title={National Vulnerability Database},
    author={{National Institute of Standards and Technology}}
}

@inproceedings{adding-sparkle,
    author = {Trockman, Asher and Zhou, Shurui and K\"{a}stner, Christian and Vasilescu, Bogdan},
    title = {Adding sparkle to social coding: an empirical study of repository badges in the npm ecosystem},
    year = {2018},
    isbn = {9781450356381},
    publisher = {Association for Computing Machinery},
    address = {New York, NY, USA},
    doi = {10.1145/3180155.3180209},
    booktitle = {Proceedings of the 40th International Conference on Software Engineering},
    pages = {511–522},
    numpages = {12},
    location = {, Gothenburg, Sweden, },
    series = {ICSE '18}
}

@InProceedings{csprng,
    author="Zheng, Jianliang and Li, Jie",
    editor="Seo, Seung-Hyun and Seo, Hwajeong",
    title="An Ultrafast Cryptographically Secure Pseudorandom Number Generator",
    booktitle="Information Security and Cryptology -- ICISC 2022",
    year="2023",
    publisher="Springer Nature Switzerland",
    address="Cham",
    pages="267--291",
    isbn="978-3-031-29371-9"
}
